<record><leader>00000cas a22000007a 4500</leader><controlfield tag="001">21096745</controlfield><controlfield tag="008">900220c19899999pauwr ne      0    0eng d</controlfield><datafield ind1=" " ind2=" " tag="010"><subfield code="a">sn 90069155 </subfield></datafield><datafield ind1=" " ind2=" " tag="040"><subfield code="a">NPH</subfield><subfield code="b">eng</subfield><subfield code="c">NPH</subfield><subfield code="d">OCL</subfield><subfield code="d">OCLCQ</subfield></datafield><datafield ind1=" " ind2=" " tag="042"><subfield code="a">msc</subfield></datafield><datafield ind1="0" ind2=" " tag="130"><subfield code="a">Community courier (Thorndale, Pa.)</subfield></datafield><datafield ind1="1" ind2="0" tag="245"><subfield code="a">Community courier.</subfield></datafield><datafield ind1=" " ind2=" " tag="260"><subfield code="a">Thorndale, Pa. :</subfield><subfield code="b">[s.n.]</subfield></datafield><datafield ind1=" " ind2=" " tag="300"><subfield code="a">v. :</subfield><subfield code="b">ill. ;</subfield><subfield code="c">44 cm.</subfield></datafield><datafield ind1=" " ind2=" " tag="310"><subfield code="a">Weekly</subfield></datafield><datafield ind1="1" ind2=" " tag="362"><subfield code="a">Began in 1989?</subfield></datafield><datafield ind1=" " ind2=" " tag="500"><subfield code="a">"Serving Central Chester County."</subfield></datafield><datafield ind1=" " ind2=" " tag="588"><subfield code="a">Description based on: Vol. 1, no. 18 (June 28, 1989).</subfield></datafield><datafield ind1=" " ind2=" " tag="752"><subfield code="a">United States</subfield><subfield code="b">Pennsylvania</subfield><subfield code="c">Chester</subfield><subfield code="d">Thorndale.</subfield></datafield><datafield ind1="0" ind2=" " tag="775"><subfield code="t">Community courier (Phoenixville, Pa.)</subfield><subfield code="w">(DLC)sn 90069156</subfield></datafield><datafield ind1="0" ind2=" " tag="775"><subfield code="t">Community courier (Pottstown, Pa.)</subfield></datafield></record>